@article{tolle2019charged,
  title={Charged-cell periodic DFT simulations via an impurity model based on density embedding: Application to the ionization potential of liquid water},
  author={T{\"o}lle, Johannes and Severo Pereira Gomes, Andr{\'e} and Ramos, Pablo and Pavanello, Michele},
  journal={International Journal of Quantum Chemistry},
  volume={119},
  number={1},
  pages={e25801},
  year={2019},
  publisher={Wiley Online Library}
}

@article{krishtal2015subsystem,
  title={Subsystem density-functional theory as an effective tool for modeling ground and excited states, their dynamics and many-body interactions},
  author={Krishtal, Alisa and Sinha, Debalina and Genova, Alessandro and Pavanello, Michele},
  journal={Journal of Physics: Condensed Matter},
  volume={27},
  number={18},
  pages={183202},
  year={2015},
  publisher={IOP Publishing}
}

@article{martyna1999reciprocal,
  title={A reciprocal space based method for treating long range interactions in ab initio and force-field-based calculations in clusters},
  author={Martyna, Glenn J and Tuckerman, Mark E},
  journal={The Journal of chemical physics},
  volume={110},
  number={6},
  pages={2810--2821},
  year={1999},
  publisher={American Institute of Physics}
}

@article{genova2017eqe,
  title={eQE: An open-source density functional embedding theory code for the condensed phase},
  author={Genova, Alessandro and Ceresoli, Davide and Krishtal, Alisa and Andreussi, Oliviero and DiStasio Jr, Robert A and Pavanello, Michele},
  journal={International Journal of Quantum Chemistry},
  volume={117},
  number={16},
  pages={e25401},
  year={2017},
  publisher={Wiley Online Library}
}

@article{dal2014pseudopotentials,
  title={Pseudopotentials periodic table: From H to Pu},
  author={Dal Corso, Andrea},
  journal={Computational Materials Science},
  volume={95},
  pages={337--350},
  year={2014},
  publisher={Elsevier}
}

@article{te2001chemistry,
  title={Chemistry with ADF},
  author={Te Velde, G t and Bickelhaupt, F Matthias and Baerends, Evert Jan and Fonseca Guerra, C and van Gisbergen, Stan JA and Snijders, Jaap G and Ziegler, Tom},
  journal={Journal of Computational Chemistry},
  volume={22},
  number={9},
  pages={931--967},
  year={2001},
  publisher={Wiley Online Library}
}

@article{saue2020dirac,
  title={The DIRAC code for relativistic molecular calculations},
  author={Saue, Trond and Bast, Radovan and Gomes, Andr{\'e} Severo Pereira and Jensen, Hans J{\o}rgen Aa and Visscher, Lucas and Aucar, Ignacio Agust{\'\i}n and Di Remigio, Roberto and Dyall, Kenneth G and Eliav, Ephraim and Fasshauer, Elke and others},
  journal={The Journal of Chemical Physics},
  volume={152},
  number={20},
  pages={204104},
  year={2020},
  publisher={AIP Publishing LLC}
}

@article{bagus1965self,
  title={Self-consistent-field wave functions for hole states of some Ne-like and Ar-like ions},
  author={Bagus, Paul S},
  journal={Physical Review},
  volume={139},
  number={3A},
  pages={A619},
  year={1965},
  publisher={APS},
}

@article{waskom2017mwaskom,
  title={mwaskom/seaborn: v0. 8.1 (September 2017)},
  author={Waskom, Michael and Botvinnik, Olga and Oâ€™Kane, Drew and Hobson, Paul and Lukauskas, Saulius and Gemperline, David C and Augspurger, Tom and Halchenko, Y and Cole, JB and Warmenhoven, J and others},
  journal={Zenodo, doi},
  volume={10},
  year={2017}
}
